@article{little,
  title={Remarks on generalized toric codes},
  author={Little, John B},
  journal={arXiv preprint arXiv:1107.4530},
  year={2011}
}

@article{ruano,
  title={On the structure of generalized toric codes},
  author={Ruano, Diego},
  journal={Journal of Symbolic Computation},
  volume={44},
  number={5},
  pages={499--506},
  year={2009},
  publisher={Elsevier}
}

@article{census1,
  title={A Census of Two Dimensional Toric Codes over Galois Fields of Sizes 7, 8 and 9},
  author={Carbonara, Alejandro and Murillo, Juan Pablo and Ortiz, Abner},
  journal={MSRI-UP 2009},
  pages={35},
  year={2009}
}

@article{census2,
  title={A systematic census of generalized toric codes over F4, F5 and F16},
  author={Amaya, James E and Harry, April J and Vega, Brian M},
  journal={MSRI-UP 2009},
  pages={9},
  year={2009}
}

@article{is1,
  title={Bringing Toric Codes to the next dimension},
  author={Soprunov, Ivan and Soprunova, Jenya},
  journal={SIAM Journal on Discrete Mathematics},
  volume={24},
  number={2},
  pages={655--665},
  year={2010},
  publisher={SIAM}
}

@article{is2,
  title={Toric surface codes and Minkowski length of polygons},
  author={Soprunov, Ivan and Soprunova, Jenya},
  journal={SIAM Journal on Discrete Mathematics},
  volume={23},
  number={1},
  pages={384--400},
  year={2009},
  publisher={SIAM}
}

@article{is3,
  title={Minimum distance for toric complete intersection codes},
  author={Soprunov, Ivan},
  journal={arXiv preprint arXiv:1111.0356},
  year={2011}
}

@book{hansen,
  title={Toric surfaces and error-correcting codes},
  author={Hansen, Johan P},
  year={2000},
  publisher={Springer}
}

@article{poly,
  title={Small polygons and toric codes},
  author={Brown, Gavin and Kasprzyk, Alexander M},
  journal={Journal of Symbolic Computation},
  year={2012},
  publisher={Elsevier}
}

@artcile{cohen,
  title={Uniform distribution of polynomials over finite fields},
  author={S. Cohen},
  journal={J. London Math. Soc. Series 2},
  volume={6},
  pages={93-102},
  year={1972}
}

@article{serre,
  title={Lettre \`{a} M. Tsfasman},
  author={J.P. Serre},
  journal={Ast√©risque},
  year={1991},
  pages={351,353}
}